%
% BibTex Database
% ===========================================================================
% This is part of the document "Project documentation template".
% Authors: brd3
%

@book{ARTIFICIALINTELLIGENCEFORGAMES,
	author = {Ian Millington and John Funge},
	title = {Artificial Intelligence For Games, Second Edition},
	publisher = {Morgan Kaufmann},
	year = {2009},
	isbn = {978-0-12-374731-0}
}

@book{AIMA,
	author = {Stuart Russel and Peter Norvig},
	title ={Artificial Intelligence: A Modern Approach, Third Edition},
	publisher = {Pearson},
	year = {2010},
	isbn = {978-0-13-604259-4}
}
